<record xmlns="http://www.loc.gov/MARC21/slim" xmlns:xsi="http://www.w3.org/2001/XMLSchema-instance" xsi:schemaLocation="http://www.loc.gov/MARC21/slim http://www.loc.gov/standards/marcxml/schema/MARC21slim.xsd">

  <leader>00596nam a2200169Ia 4500</leader>
  <datafield ind2=" " tag="999" ind1=" ">
    <subfield code="c">1203</subfield>
    <subfield code="d">1203</subfield>
  </datafield>
  <controlfield tag="008">170816b2010    mx ||||| |||| 00| | spa d</controlfield>
  <datafield ind1=" " ind2=" " tag="020">
    <subfield code="a">9786078056118</subfield>
  </datafield>
  <datafield tag="090" ind2=" " ind1=" ">
    <subfield code="a">06.02.01</subfield>
    <subfield code="b">2420</subfield>
  </datafield>
  <datafield tag="100" ind2=" " ind1="1">
    <subfield code="a">Salas Luévano, Marco Antonio</subfield>
    <subfield code="9">2027</subfield>
  </datafield>
  <datafield ind1="1" ind2="0" tag="245">
    <subfield code="a">Aspectos educativos del bicentenario en México / Marco Antonio Salas Luévano</subfield>
  </datafield>
  <datafield tag="260" ind2=" " ind1=" ">
    <subfield code="a">México :</subfield>
    <subfield code="b">Universidad Autónoma de Zacatecas,</subfield>
    <subfield code="c">2010</subfield>
  </datafield>
  <datafield tag="300" ind2=" " ind1=" ">
    <subfield code="a">110 páginas</subfield>
  </datafield>
  <datafield ind1=" " tag="490" ind2=" ">
    <subfield code="a">Colección Tópicos Educativos: políticas, cultura, y diversidad educativa</subfield>
  </datafield>
  <datafield ind1="1" ind2="4" tag="650">
    <subfield code="a">ASPECTOS EDUCATIVOS</subfield>
    <subfield code="9">636</subfield>
  </datafield>
  <datafield ind1="1" tag="650" ind2="4">
    <subfield code="a">HISTORIA</subfield>
    <subfield code="9">22</subfield>
  </datafield>
  <datafield ind2=" " tag="942" ind1=" ">
    <subfield code="2">z</subfield>
    <subfield code="c">01</subfield>
  </datafield>
</record>